<record><leader>00000cas a22000007a 4500</leader><controlfield tag="001">17955052</controlfield><controlfield tag="008">880514d19071919nduwr ne      0    0eng d</controlfield><datafield ind1=" " ind2=" " tag="010"><subfield code="a">sn 88076139 </subfield></datafield><datafield ind1=" " ind2=" " tag="040"><subfield code="a">NOP</subfield><subfield code="b">eng</subfield><subfield code="c">NOP</subfield><subfield code="d">OCLCQ</subfield></datafield><datafield ind1=" " ind2=" " tag="042"><subfield code="a">msc</subfield></datafield><datafield ind1="0" ind2="4" tag="245"><subfield code="a">The Oakes journal.</subfield></datafield><datafield ind1=" " ind2=" " tag="260"><subfield code="a">Oakes, Dickey County, N.D. :</subfield><subfield code="b">J.M. Kellogg</subfield></datafield><datafield ind1=" " ind2=" " tag="300"><subfield code="a">v. :</subfield><subfield code="b">ill. ;</subfield><subfield code="c">56-60 cm.</subfield></datafield><datafield ind1=" " ind2=" " tag="310"><subfield code="a">Weekly</subfield></datafield><datafield ind1="1" ind2=" " tag="362"><subfield code="a">Began in Aug., 1907.</subfield></datafield><datafield ind1="0" ind2=" " tag="362"><subfield code="a">-v. 12, no. 6, (Sept. 4, 1919).</subfield></datafield><datafield ind1=" " ind2=" " tag="500"><subfield code="a">"Official City Paper."</subfield></datafield><datafield ind1=" " ind2=" " tag="530"><subfield code="a">Available on microfilm from the State Historical Society of North Dakota.</subfield></datafield><datafield ind1=" " ind2=" " tag="588"><subfield code="a">Description based on: Vol. 1, no. 23 (Jan. 15, 1908).</subfield></datafield><datafield ind1=" " ind2=" " tag="752"><subfield code="a">United States</subfield><subfield code="b">North Dakota</subfield><subfield code="c">Dickey</subfield><subfield code="d">Oakes.</subfield></datafield><datafield ind1="0" ind2="5" tag="780"><subfield code="t">Fullerton farmer</subfield><subfield code="w">(DLC)sn 88076184</subfield></datafield><datafield ind1="0" ind2="5" tag="780"><subfield code="t">Fullerton independent</subfield><subfield code="w">(DLC)sn 88076185</subfield></datafield><datafield ind1="0" ind2="7" tag="785"><subfield code="t">Farmers sentinel</subfield><subfield code="w">(DLC)sn 88076448</subfield></datafield><datafield ind1="0" ind2="7" tag="785"><subfield code="t">Farmers sentinel and Oakes journal</subfield><subfield code="w">(DLC)sn 88076141</subfield></datafield><datafield ind1="1" ind2=" " tag="029"><subfield code="a">AU@</subfield><subfield code="b">000025835960</subfield></datafield></record>